@URL {node,
    title  = "Node.js",
    author = "Joyent",
    year   = "2015",
    howpublished = {\url{https://nodejs.org/}},
    note = {Accessed: 2015-03-01}
}
@URL {npm,
    title  = "npm",
    author = "Npm INC",
    year   = "2015",
    howpublished = {\url{https://www.npmjs.com/"}},
    note = {Accessed: 2015-03-01}
}
@URL {bower,
    title  = "Bower",
    author = "Bower",
    year   = "2015",
    howpublished = {\url{http://bower.io/"}},
    note = {Accessed: 2015-03-01}
}
